%YAML 1.1
%TAG !u! tag:unity3d.com,2011:
--- !u!1 &1726435632352707314
GameObject:
  m_ObjectHideFlags: 0
  m_CorrespondingSourceObject: {fileID: 0}
  m_PrefabInstance: {fileID: 0}
  m_PrefabAsset: {fileID: 0}
  serializedVersion: 6
  m_Component:
  - component: {fileID: 9207298844500960056}
  - component: {fileID: 8959469647507996934}
  - component: {fileID: 1997896416533304728}
  - component: {fileID: 5915037300332959648}
  m_Layer: 0
  m_Name: Plane
  m_TagString: Untagged
  m_Icon: {fileID: 0}
  m_NavMeshLayer: 0
  m_StaticEditorFlags: 0
  m_IsActive: 1
--- !u!4 &9207298844500960056
Transform:
  m_ObjectHideFlags: 0
  m_CorrespondingSourceObject: {fileID: 0}
  m_PrefabInstance: {fileID: 0}
  m_PrefabAsset: {fileID: 0}
  m_GameObject: {fileID: 1726435632352707314}
  m_LocalRotation: {x: -0.0000000053038036, y: 1, z: -0.00000035762787, w: -0.00000037898894}
  m_LocalPosition: {x: -0.00096, y: 0.01, z: -0.00015}
  m_LocalScale: {x: 0.0015035282, y: 0.0015035282, z: 0.0015035282}
  m_Children: []
  m_Father: {fileID: 8283617924884110950}
  m_RootOrder: 0
  m_LocalEulerAnglesHint: {x: 90, y: 0, z: -180}
--- !u!33 &8959469647507996934
MeshFilter:
  m_ObjectHideFlags: 0
  m_CorrespondingSourceObject: {fileID: 0}
  m_PrefabInstance: {fileID: 0}
  m_PrefabAsset: {fileID: 0}
  m_GameObject: {fileID: 1726435632352707314}
  m_Mesh: {fileID: 10209, guid: 0000000000000000e000000000000000, type: 0}
--- !u!23 &1997896416533304728
MeshRenderer:
  m_ObjectHideFlags: 0
  m_CorrespondingSourceObject: {fileID: 0}
  m_PrefabInstance: {fileID: 0}
  m_PrefabAsset: {fileID: 0}
  m_GameObject: {fileID: 1726435632352707314}
  m_Enabled: 1
  m_CastShadows: 1
  m_ReceiveShadows: 1
  m_DynamicOccludee: 1
  m_MotionVectors: 1
  m_LightProbeUsage: 1
  m_ReflectionProbeUsage: 1
  m_RayTracingMode: 2
  m_RayTraceProcedural: 0
  m_RenderingLayerMask: 1
  m_RendererPriority: 0
  m_Materials:
  - {fileID: 2100000, guid: eeef4cbac79b7f6429f76f4d112ed3a9, type: 2}
  m_StaticBatchInfo:
    firstSubMesh: 0
    subMeshCount: 0
  m_StaticBatchRoot: {fileID: 0}
  m_ProbeAnchor: {fileID: 0}
  m_LightProbeVolumeOverride: {fileID: 0}
  m_ScaleInLightmap: 1
  m_ReceiveGI: 1
  m_PreserveUVs: 0
  m_IgnoreNormalsForChartDetection: 0
  m_ImportantGI: 0
  m_StitchLightmapSeams: 1
  m_SelectedEditorRenderState: 3
  m_MinimumChartSize: 4
  m_AutoUVMaxDistance: 0.5
  m_AutoUVMaxAngle: 89
  m_LightmapParameters: {fileID: 0}
  m_SortingLayerID: 0
  m_SortingLayer: 0
  m_SortingOrder: 0
  m_AdditionalVertexStreams: {fileID: 0}
--- !u!64 &5915037300332959648
MeshCollider:
  m_ObjectHideFlags: 0
  m_CorrespondingSourceObject: {fileID: 0}
  m_PrefabInstance: {fileID: 0}
  m_PrefabAsset: {fileID: 0}
  m_GameObject: {fileID: 1726435632352707314}
  m_Material: {fileID: 0}
  m_IsTrigger: 0
  m_Enabled: 0
  serializedVersion: 4
  m_Convex: 0
  m_CookingOptions: 30
  m_Mesh: {fileID: 10209, guid: 0000000000000000e000000000000000, type: 0}
--- !u!1 &2220868948800315032
GameObject:
  m_ObjectHideFlags: 0
  m_CorrespondingSourceObject: {fileID: 0}
  m_PrefabInstance: {fileID: 0}
  m_PrefabAsset: {fileID: 0}
  serializedVersion: 6
  m_Component:
  - component: {fileID: 6618830945417425610}
  - component: {fileID: 6223130033028113422}
  m_Layer: 0
  m_Name: O_3Barrels
  m_TagString: O_Break
  m_Icon: {fileID: 0}
  m_NavMeshLayer: 0
  m_StaticEditorFlags: 0
  m_IsActive: 1
--- !u!4 &6618830945417425610
Transform:
  m_ObjectHideFlags: 0
  m_CorrespondingSourceObject: {fileID: 0}
  m_PrefabInstance: {fileID: 0}
  m_PrefabAsset: {fileID: 0}
  m_GameObject: {fileID: 2220868948800315032}
  m_LocalRotation: {x: 0, y: 0, z: 0, w: 1}
  m_LocalPosition: {x: 0.9, y: 0, z: 8}
  m_LocalScale: {x: 1, y: 1, z: 1}
  m_Children:
  - {fileID: 8388873658579947409}
  - {fileID: 414786683359574879}
  - {fileID: 8283617924884110950}
  m_Father: {fileID: 0}
  m_RootOrder: 0
  m_LocalEulerAnglesHint: {x: 0, y: 0, z: 0}
--- !u!65 &6223130033028113422
BoxCollider:
  m_ObjectHideFlags: 0
  m_CorrespondingSourceObject: {fileID: 0}
  m_PrefabInstance: {fileID: 0}
  m_PrefabAsset: {fileID: 0}
  m_GameObject: {fileID: 2220868948800315032}
  m_Material: {fileID: 0}
  m_IsTrigger: 1
  m_Enabled: 1
  serializedVersion: 2
  m_Size: {x: 0.8, y: 1, z: 0.5}
  m_Center: {x: -0.135, y: 0.55, z: 0}
--- !u!1001 &165268928665803956
PrefabInstance:
  m_ObjectHideFlags: 0
  serializedVersion: 2
  m_Modification:
    m_TransformParent: {fileID: 6618830945417425610}
    m_Modifications:
    - target: {fileID: -8679921383154817045, guid: 010e808550533364ab0c81965b530cf9, type: 3}
      propertyPath: m_RootOrder
      value: 1
      objectReference: {fileID: 0}
    - target: {fileID: -8679921383154817045, guid: 010e808550533364ab0c81965b530cf9, type: 3}
      propertyPath: m_LocalScale.x
      value: 60
      objectReference: {fileID: 0}
    - target: {fileID: -8679921383154817045, guid: 010e808550533364ab0c81965b530cf9, type: 3}
      propertyPath: m_LocalScale.y
      value: 60
      objectReference: {fileID: 0}
    - target: {fileID: -8679921383154817045, guid: 010e808550533364ab0c81965b530cf9, type: 3}
      propertyPath: m_LocalScale.z
      value: 60
      objectReference: {fileID: 0}
    - target: {fileID: -8679921383154817045, guid: 010e808550533364ab0c81965b530cf9, type: 3}
      propertyPath: m_LocalPosition.x
      value: 0.113
      objectReference: {fileID: 0}
    - target: {fileID: -8679921383154817045, guid: 010e808550533364ab0c81965b530cf9, type: 3}
      propertyPath: m_LocalPosition.y
      value: 0
      objectReference: {fileID: 0}
    - target: {fileID: -8679921383154817045, guid: 010e808550533364ab0c81965b530cf9, type: 3}
      propertyPath: m_LocalPosition.z
      value: 0
      objectReference: {fileID: 0}
    - target: {fileID: -8679921383154817045, guid: 010e808550533364ab0c81965b530cf9, type: 3}
      propertyPath: m_LocalRotation.w
      value: 0.7071067
      objectReference: {fileID: 0}
    - target: {fileID: -8679921383154817045, guid: 010e808550533364ab0c81965b530cf9, type: 3}
      propertyPath: m_LocalRotation.x
      value: -0.7071068
      objectReference: {fileID: 0}
    - target: {fileID: -8679921383154817045, guid: 010e808550533364ab0c81965b530cf9, type: 3}
      propertyPath: m_LocalRotation.y
      value: 0
      objectReference: {fileID: 0}
    - target: {fileID: -8679921383154817045, guid: 010e808550533364ab0c81965b530cf9, type: 3}
      propertyPath: m_LocalRotation.z
      value: -0
      objectReference: {fileID: 0}
    - target: {fileID: -8679921383154817045, guid: 010e808550533364ab0c81965b530cf9, type: 3}
      propertyPath: m_LocalEulerAnglesHint.x
      value: 0
      objectReference: {fileID: 0}
    - target: {fileID: -8679921383154817045, guid: 010e808550533364ab0c81965b530cf9, type: 3}
      propertyPath: m_LocalEulerAnglesHint.y
      value: 0
      objectReference: {fileID: 0}
    - target: {fileID: -8679921383154817045, guid: 010e808550533364ab0c81965b530cf9, type: 3}
      propertyPath: m_LocalEulerAnglesHint.z
      value: 0
      objectReference: {fileID: 0}
    - target: {fileID: 919132149155446097, guid: 010e808550533364ab0c81965b530cf9, type: 3}
      propertyPath: m_Name
      value: sm_barrel (1)
      objectReference: {fileID: 0}
    m_RemovedComponents: []
  m_SourcePrefab: {fileID: 100100000, guid: 010e808550533364ab0c81965b530cf9, type: 3}
--- !u!4 &414786683359574879 stripped
Transform:
  m_CorrespondingSourceObject: {fileID: -8679921383154817045, guid: 010e808550533364ab0c81965b530cf9, type: 3}
  m_PrefabInstance: {fileID: 165268928665803956}
  m_PrefabAsset: {fileID: 0}
--- !u!1001 &8350233738721323130
PrefabInstance:
  m_ObjectHideFlags: 0
  serializedVersion: 2
  m_Modification:
    m_TransformParent: {fileID: 6618830945417425610}
    m_Modifications:
    - target: {fileID: -8679921383154817045, guid: 010e808550533364ab0c81965b530cf9, type: 3}
      propertyPath: m_RootOrder
      value: 0
      objectReference: {fileID: 0}
    - target: {fileID: -8679921383154817045, guid: 010e808550533364ab0c81965b530cf9, type: 3}
      propertyPath: m_LocalScale.x
      value: 60
      objectReference: {fileID: 0}
    - target: {fileID: -8679921383154817045, guid: 010e808550533364ab0c81965b530cf9, type: 3}
      propertyPath: m_LocalScale.y
      value: 60
      objectReference: {fileID: 0}
    - target: {fileID: -8679921383154817045, guid: 010e808550533364ab0c81965b530cf9, type: 3}
      propertyPath: m_LocalScale.z
      value: 60
      objectReference: {fileID: 0}
    - target: {fileID: -8679921383154817045, guid: 010e808550533364ab0c81965b530cf9, type: 3}
      propertyPath: m_LocalPosition.x
      value: -0.294
      objectReference: {fileID: 0}
    - target: {fileID: -8679921383154817045, guid: 010e808550533364ab0c81965b530cf9, type: 3}
      propertyPath: m_LocalPosition.y
      value: 0
      objectReference: {fileID: 0}
    - target: {fileID: -8679921383154817045, guid: 010e808550533364ab0c81965b530cf9, type: 3}
      propertyPath: m_LocalPosition.z
      value: 0
      objectReference: {fileID: 0}
    - target: {fileID: -8679921383154817045, guid: 010e808550533364ab0c81965b530cf9, type: 3}
      propertyPath: m_LocalRotation.w
      value: 0.7071067
      objectReference: {fileID: 0}
    - target: {fileID: -8679921383154817045, guid: 010e808550533364ab0c81965b530cf9, type: 3}
      propertyPath: m_LocalRotation.x
      value: -0.7071068
      objectReference: {fileID: 0}
    - target: {fileID: -8679921383154817045, guid: 010e808550533364ab0c81965b530cf9, type: 3}
      propertyPath: m_LocalRotation.y
      value: 0
      objectReference: {fileID: 0}
    - target: {fileID: -8679921383154817045, guid: 010e808550533364ab0c81965b530cf9, type: 3}
      propertyPath: m_LocalRotation.z
      value: -0
      objectReference: {fileID: 0}
    - target: {fileID: -8679921383154817045, guid: 010e808550533364ab0c81965b530cf9, type: 3}
      propertyPath: m_LocalEulerAnglesHint.x
      value: 0
      objectReference: {fileID: 0}
    - target: {fileID: -8679921383154817045, guid: 010e808550533364ab0c81965b530cf9, type: 3}
      propertyPath: m_LocalEulerAnglesHint.y
      value: 0
      objectReference: {fileID: 0}
    - target: {fileID: -8679921383154817045, guid: 010e808550533364ab0c81965b530cf9, type: 3}
      propertyPath: m_LocalEulerAnglesHint.z
      value: 0
      objectReference: {fileID: 0}
    - target: {fileID: 919132149155446097, guid: 010e808550533364ab0c81965b530cf9, type: 3}
      propertyPath: m_Name
      value: sm_barrel
      objectReference: {fileID: 0}
    m_RemovedComponents: []
  m_SourcePrefab: {fileID: 100100000, guid: 010e808550533364ab0c81965b530cf9, type: 3}
--- !u!4 &8388873658579947409 stripped
Transform:
  m_CorrespondingSourceObject: {fileID: -8679921383154817045, guid: 010e808550533364ab0c81965b530cf9, type: 3}
  m_PrefabInstance: {fileID: 8350233738721323130}
  m_PrefabAsset: {fileID: 0}
--- !u!1001 &8466745172950776205
PrefabInstance:
  m_ObjectHideFlags: 0
  serializedVersion: 2
  m_Modification:
    m_TransformParent: {fileID: 6618830945417425610}
    m_Modifications:
    - target: {fileID: -8679921383154817045, guid: 010e808550533364ab0c81965b530cf9, type: 3}
      propertyPath: m_RootOrder
      value: 2
      objectReference: {fileID: 0}
    - target: {fileID: -8679921383154817045, guid: 010e808550533364ab0c81965b530cf9, type: 3}
      propertyPath: m_LocalScale.x
      value: 60
      objectReference: {fileID: 0}
    - target: {fileID: -8679921383154817045, guid: 010e808550533364ab0c81965b530cf9, type: 3}
      propertyPath: m_LocalScale.y
      value: 60
      objectReference: {fileID: 0}
    - target: {fileID: -8679921383154817045, guid: 010e808550533364ab0c81965b530cf9, type: 3}
      propertyPath: m_LocalScale.z
      value: 60
      objectReference: {fileID: 0}
    - target: {fileID: -8679921383154817045, guid: 010e808550533364ab0c81965b530cf9, type: 3}
      propertyPath: m_LocalPosition.x
      value: -0.052
      objectReference: {fileID: 0}
    - target: {fileID: -8679921383154817045, guid: 010e808550533364ab0c81965b530cf9, type: 3}
      propertyPath: m_LocalPosition.y
      value: 0.532
      objectReference: {fileID: 0}
    - target: {fileID: -8679921383154817045, guid: 010e808550533364ab0c81965b530cf9, type: 3}
      propertyPath: m_LocalPosition.z
      value: 0
      objectReference: {fileID: 0}
    - target: {fileID: -8679921383154817045, guid: 010e808550533364ab0c81965b530cf9, type: 3}
      propertyPath: m_LocalRotation.w
      value: 0.7071067
      objectReference: {fileID: 0}
    - target: {fileID: -8679921383154817045, guid: 010e808550533364ab0c81965b530cf9, type: 3}
      propertyPath: m_LocalRotation.x
      value: -0.7071068
      objectReference: {fileID: 0}
    - target: {fileID: -8679921383154817045, guid: 010e808550533364ab0c81965b530cf9, type: 3}
      propertyPath: m_LocalRotation.y
      value: 0
      objectReference: {fileID: 0}
    - target: {fileID: -8679921383154817045, guid: 010e808550533364ab0c81965b530cf9, type: 3}
      propertyPath: m_LocalRotation.z
      value: -0
      objectReference: {fileID: 0}
    - target: {fileID: -8679921383154817045, guid: 010e808550533364ab0c81965b530cf9, type: 3}
      propertyPath: m_LocalEulerAnglesHint.x
      value: 0
      objectReference: {fileID: 0}
    - target: {fileID: -8679921383154817045, guid: 010e808550533364ab0c81965b530cf9, type: 3}
      propertyPath: m_LocalEulerAnglesHint.y
      value: 0
      objectReference: {fileID: 0}
    - target: {fileID: -8679921383154817045, guid: 010e808550533364ab0c81965b530cf9, type: 3}
      propertyPath: m_LocalEulerAnglesHint.z
      value: 0
      objectReference: {fileID: 0}
    - target: {fileID: 919132149155446097, guid: 010e808550533364ab0c81965b530cf9, type: 3}
      propertyPath: m_Name
      value: sm_barrel (2)
      objectReference: {fileID: 0}
    m_RemovedComponents: []
  m_SourcePrefab: {fileID: 100100000, guid: 010e808550533364ab0c81965b530cf9, type: 3}
--- !u!4 &8283617924884110950 stripped
Transform:
  m_CorrespondingSourceObject: {fileID: -8679921383154817045, guid: 010e808550533364ab0c81965b530cf9, type: 3}
  m_PrefabInstance: {fileID: 8466745172950776205}
  m_PrefabAsset: {fileID: 0}
